%YAML 1.1
%TAG !u! tag:unity3d.com,2011:
--- !u!1001 &100100000
Prefab:
  m_ObjectHideFlags: 1
  serializedVersion: 2
  m_Modification:
    m_TransformParent: {fileID: 0}
    m_Modifications: []
    m_RemovedComponents: []
  m_SourcePrefab: {fileID: 0}
  m_RootGameObject: {fileID: 1979209278949478}
  m_IsPrefabAsset: 1
--- !u!1 &1979209278949478
GameObject:
  m_ObjectHideFlags: 0
  m_CorrespondingSourceObject: {fileID: 0}
  m_PrefabInternal: {fileID: 100100000}
  serializedVersion: 6
  m_Component:
  - component: {fileID: 4415448513297614}
  - component: {fileID: 61977618694287572}
  - component: {fileID: 114911529095024868}
  m_Layer: 0
  m_Name: Color Chooser
  m_TagString: Untagged
  m_Icon: {fileID: 0}
  m_NavMeshLayer: 0
  m_StaticEditorFlags: 0
  m_IsActive: 1
--- !u!4 &4415448513297614
Transform:
  m_ObjectHideFlags: 1
  m_CorrespondingSourceObject: {fileID: 0}
  m_PrefabInternal: {fileID: 100100000}
  m_GameObject: {fileID: 1979209278949478}
  m_LocalRotation: {x: 0, y: 0, z: 0, w: 1}
  m_LocalPosition: {x: 5.32, y: -2.37, z: 0}
  m_LocalScale: {x: 1, y: 1, z: 1}
  m_Children: []
  m_Father: {fileID: 0}
  m_RootOrder: 0
  m_LocalEulerAnglesHint: {x: 0, y: 0, z: 0}
--- !u!61 &61977618694287572
BoxCollider2D:
  m_ObjectHideFlags: 1
  m_CorrespondingSourceObject: {fileID: 0}
  m_PrefabInternal: {fileID: 100100000}
  m_GameObject: {fileID: 1979209278949478}
  m_Enabled: 1
  m_Density: 1
  m_Material: {fileID: 0}
  m_IsTrigger: 0
  m_UsedByEffector: 0
  m_UsedByComposite: 0
  m_Offset: {x: 0, y: 0}
  m_SpriteTilingProperty:
    border: {x: 0, y: 0, z: 0, w: 0}
    pivot: {x: 0, y: 0}
    oldSize: {x: 0, y: 0}
    newSize: {x: 0, y: 0}
    adaptiveTilingThreshold: 0
    drawMode: 0
    adaptiveTiling: 0
  m_AutoTiling: 0
  serializedVersion: 2
  m_Size: {x: 1, y: 1}
  m_EdgeRadius: 0
--- !u!114 &114911529095024868
MonoBehaviour:
  m_ObjectHideFlags: 1
  m_CorrespondingSourceObject: {fileID: 0}
  m_PrefabInternal: {fileID: 100100000}
  m_GameObject: {fileID: 1979209278949478}
  m_Enabled: 1
  m_EditorHideFlags: 0
  m_Script: {fileID: 11500000, guid: 5d52cbff5df804948ad9e1412cf04245, type: 3}
  m_Name: 
  m_EditorClassIdentifier: 
  choices:
  - color: {r: 0.20392159, g: 0.42352945, b: 0.92549026, a: 0}
    material: {fileID: 2100000, guid: 5746d46ecd4263442a9c89bc42681714, type: 2}
  - color: {r: 0.29803923, g: 0.8588236, b: 0.23137257, a: 0}
    material: {fileID: 2100000, guid: 4bed31b35db544c4aa28847795287e1d, type: 2}
  - color: {r: 0.89019614, g: 0.4784314, b: 0.14901961, a: 0}
    material: {fileID: 2100000, guid: f5280cd7eccc62346bccfe39b0b3a4fd, type: 2}
  - color: {r: 0.95294124, g: 0.427451, b: 0.6431373, a: 0}
    material: {fileID: 2100000, guid: f34f43211cbf6194ab2930b434f80bfb, type: 2}
  - color: {r: 0.6784314, g: 0.3254902, b: 0.8117648, a: 0}
    material: {fileID: 2100000, guid: c65e3e201d2322e47a4a79686fe48f50, type: 2}
  - color: {r: 0.7843138, g: 0.24705884, b: 0.19607845, a: 0}
    material: {fileID: 2100000, guid: 0396cb96c576c4940830814806f150c3, type: 2}
  - color: {r: 0.8352942, g: 0.9686275, b: 1, a: 0}
    material: {fileID: 2100000, guid: adfeda8031ff6a444924bfa373429e6a, type: 2}
  - color: {r: 0.9333334, g: 0.8470589, b: 0.07450981, a: 0}
    material: {fileID: 2100000, guid: d355c90f1737e96459de8a1bee9b4d87, type: 2}
  spriteRenderer: {fileID: 0}
